
%% http://ebooks.bharathuniv.ac.in/gdlc1/gdlc1/Software%20Engineering/SOFTWARE%20TESTING%20AND%20QUALITY%20ASSURANCE,Theory%20and%20Practice%20-%20KSHIRASAGAR%20NAIK.pdf

%% kad cituoti rasyti: ~\cite{inproceedings}
@book{huizinga2007automated,
  title={Automated defect prevention: best practices in software management},
  author={Huizinga, Dorota and Kolawa, Adam},
  year={2007},
  publisher={John Wiley \& Sons}
}
  
@inproceedings{inproceedings,
author = {Abid Jamil, Muhammad and Arif, Muhammad and Sham Awang Abubakar, Normi and Ahmad, Akhlaq},
year = {2016},
month = {11},
pages = {177-182},
title = {Software Testing Techniques: A Literature Review},
doi = {10.1109/ICT4M.2016.045}
}

@article{article,
author = {Zaineb, Ghazia and Irfan, Dr and Manarvi, Irfan},
year = {2011},
month = {10},
pages = {},
title = {Identification And Analysis Of Causes For Software Bug Rejection With Their Impact Over Testing Ef\/ficiency},
volume = {2},
journal = {International Journal of Software Engineering & Applications},
doi = {10.5121/ijsea.2011.2407}
}

@inproceedings{itkonen2007defect,
  title={Defect detection ef\/ficiency: Test case based vs. exploratory testing},
  author={Itkonen, Juha and Mantyla, Mika V and Lassenius, Casper},
  booktitle={First International Symposium on Empirical Software Engineering and Measurement (ESEM 2007)},
  pages={61--70},
  year={2007},
  organization={IEEE}
}

@article{french1970web,
  title={Web development life cycle: a new methodology for developing web applications},
  author={French, Aaron M},
  journal={The Journal of Internet Banking and Commerce},
  volume={16},
  number={2},
  pages={1--11},
  year={1970},
  publisher={Research and Reviews}
}

@inproceedings{meszaros2003agile,
  title={Agile regression testing using record \& playback},
  author={Meszaros, Gerard},
  booktitle={Companion of the 18th annual ACM SIGPLAN conference on Object-oriented programming, systems, languages, and applications},
  pages={353--360},
  year={2003},
  organization={ACM}
}

@article{kelly2003choosing,
  title={Choosing a test automation framework},
  author={Kelly, Michael},
  journal={IBM DeveloperWorks},
  volume={18},
  year={2003}
}

@article{KeywordDrivenTesting,
author = {, Rashmi and Bajpai, Neha},
year = {2012},
month = {03},
pages = {pp. 8-14},
title = {A Keyword Driven Framework for Testing Web Applications},
volume = {3},
journal = {International Journal of Advanced Computer Science and Applications (IJACSA)},
doi = {10.14569/IJACSA.2012.030302}
}

@article{ORACLEHelpCenter,
  title={Functional Testing OpenScript User's Guide},
  author={Oracle},
  pages = {9-10},
  year={2019}
}

@book{smart2014bdd,
  title={BDD in Action},
  author={Smart, John Ferguson},
  year={2014},
  publisher={Manning Publications}
}